@misc{dossier,
title={W32.Stuxnet Dossier},
howpublished={\url{https://www.symantec.com/content/en/us/enterprise/media/security_response/whitepapers/w32_stuxnet_dossier.pdf}},
author={Nicolas Falliere and Liam O Murchu and Eric Chien},
year={2011},
month={February}
}
@misc{05,
title={Stuxnet 0.5: The Missing Link},
howpublished={\url{https://www.symantec.com/content/en/us/enterprise/media/security_response/whitepapers/stuxnet_0_5_the_missing_link.pdf}},
author={Geoff McDonald and Liam O Murchu and Stephen Doherty and Eric Chien},
year={2013},
month={February},
day={26}
}
@misc{tkac,
title={To Kill a Centrifuge},
howpublished={\url{http://www.langner.com/en/wp-content/uploads/2013/11/To-kill-a-centrifuge.pdf}},
author={Ralph Langner},
year={2013},
month={November}
}
